@manual{oetiket2007lshort,
    author = {Oetiket, T. and Partl, H. and Hyna and Schlegl, E.},
    title = {The not-so-short introduction to Latex},
    url = {http://www.ctan.org/tex-archive/info/lshort/english/lshort.pdf}
}

@Manual{downes2002shortams,
  title = 	 {{Short Math Guide for \LaTeX{}}},
  author = 	 {Downes,, Michael},
  organization = {American Mathematical Society},
  year = 	 {2002},
  url = 	 {ftp://ftp.ams.org/pub/tex/doc/amsmath/short-math-guide.pdf}
}

@Book{ungar2002uvod,
  author = 	 {Šime Ungar},
  title = 	 {{Uvod u \TeX{} s naglaskom na \LaTeX 2$\epsilon$}},
  publisher = 	 {Odjel za matematiku, Sveučilište J.J.\ Strossmayera u Osijeku},
  year = 	 {2002}
}

@Book{cupic2013prirodom,
  author = 	 {Marko Čupić},
  title = 	 {{Prirodom inspirirani optimizacijski algoritmi. Metaheuristike.}},
  year = 	 {2013},
  url       = {http://java.zemris.fer.hr/nastava/pioa/knjiga-0.1.2013-12-30.pdf},
}

@article{DBLP:journals/tec/WuK14,
  author    = {Zijun Wu and
               Michael Kolonko},
  title     = {Asymptotic Properties of a Generalized Cross-Entropy Optimization
               Algorithm},
  journal   = {{IEEE} Trans. Evolutionary Computation},
  volume    = {18},
  number    = {5},
  pages     = {658--673},
  year      = {2014},
  url       = {https://doi.org/10.1109/TEVC.2014.2336882},
  doi       = {10.1109/TEVC.2014.2336882},
  timestamp = {Wed, 17 May 2017 14:25:39 +0200},
  biburl    = {https://dblp.org/rec/bib/journals/tec/WuK14},
  bibsource = {dblp computer science bibliography, https://dblp.org}
}

@article{cupic2019evolucijsko,
author = {Čupić, Marko},
year = {2019},
month = {06},
url       = {https://www.researchgate.net/publication/268047044_Evolucijsko_racunanje_i_problem_izrade_rasporeda},
title = {Evolucijsko računanje i problem izrade rasporeda}
}